%% This BibTeX bibliography file was created using BibDesk.
%% http://bibdesk.sourceforge.net/


%% Created for Mike Frank at 2024-03-06 18:03:39 -0700 


%% Saved with string encoding Unicode (UTF-8) 



@article{del-re2012,
	author = {Del Re, A C and Del Re, M A},
	date-added = {2024-03-06 18:03:01 -0700},
	date-modified = {2024-03-06 18:03:39 -0700},
	journal = {See https://cran. r-project. org/web/packages/compute.es/index.html},
	title = {Package `compute.es'},
	year = {2012}}

@article{steffan2024validation,
	author = {Steffan, Adrian and Zimmer, Lucie and Arias-Trejo, Natalia and Bohn, Manuel and Dal Ben, Rodrigo and Flores-Coronado, Marco A and Franchin, Laura and Garbisch, Isa and Grosse Wiesmann, Charlotte and Hamlin, J Kiley and others},
	journal = {Infancy},
	number = {1},
	pages = {31--55},
	publisher = {Wiley Online Library},
	title = {Validation of an open source, remote web-based eye-tracking method (WebGazer) for research in early childhood},
	volume = {29},
	year = {2024}}

@article{chouinard2019using,
	author = {Chouinard, Brea and Scott, Kimberly and Cusack, Rhodri},
	journal = {Infant Behavior and Development},
	pages = {1--12},
	publisher = {Elsevier},
	title = {Using automatic face analysis to score infant behaviour from video collected online},
	volume = {54},
	year = {2019}}

@article{lakens2017equivalence,
	author = {Lakens, Dani{\"e}l},
	date-added = {2023-03-17 14:14:11 -0700},
	date-modified = {2023-03-17 14:14:11 -0700},
	journal = {Social psychological and personality science},
	number = {4},
	pages = {355--362},
	publisher = {Sage Publications Sage CA: Los Angeles, CA},
	title = {Equivalence tests: A practical primer for t tests, correlations, and meta-analyses},
	volume = {8},
	year = {2017}}

@article{sterne2000,
	author = {Sterne, Jonathan AC and Gavaghan, David and Egger, Matthias},
	date-added = {2022-11-05 14:48:04 -0400},
	date-modified = {2022-11-05 14:48:06 -0400},
	journal = {Journal of clinical epidemiology},
	number = {11},
	pages = {1119--1129},
	publisher = {Elsevier},
	title = {Publication and related bias in meta-analysis: power of statistical tests and prevalence in the literature},
	volume = {53},
	year = {2000}}

@article{davis2019overview,
	author = {Davis-Kean, Pamela E and Ellis, Alexa},
	journal = {Infant Behavior and Development},
	pages = {101339},
	publisher = {Elsevier},
	title = {An overview of issues in infant and developmental research for the creation of robust and replicable science},
	volume = {57},
	year = {2019}}

@article{chuey2021no,
	author = {Chuey, Aaron and McCarthy, Amanda and Lockhart, Kristi and Trouche, Emmanuel and Sheskin, Mark and Keil, Frank},
	date-added = {2022-10-21 17:46:45 -0700},
	date-modified = {2022-10-21 17:46:45 -0700},
	journal = {npj Science of Learning},
	number = {1},
	pages = {1--7},
	publisher = {Nature Publishing Group},
	title = {No guts, no glory: underestimating the benefits of providing children with mechanistic details},
	volume = {6},
	year = {2021}}

@article{capparini2023should,
	author = {Capparini, Chiara and To, Michelle PS and Reid, Vincent M},
	journal = {Journal of experimental child psychology},
	pages = {105554},
	publisher = {Elsevier},
	title = {Should I follow your virtual gaze? Infants' gaze following over video call},
	volume = {226},
	year = {2023}}

@article{mcclure2015facetime,
	author = {McClure, Elisabeth R and Chentsova-Dutton, Yulia E and Barr, Rachel F and Holochwost, Steven J and Parrott, W Gerrod},
	journal = {International Journal of Child-Computer Interaction},
	pages = {1--6},
	publisher = {Elsevier},
	title = {``Facetime doesn't count'': video chat as an exception to media restrictions for infants and toddlers},
	volume = {6},
	year = {2015}}

@article{mcclure2018look,
	author = {McClure, Elisabeth R and Chentsova-Dutton, Yulia E and Holochwost, Steven J and Parrott, WG and Barr, Rachel},
	journal = {Child Development},
	number = {1},
	pages = {27--36},
	publisher = {Wiley Online Library},
	title = {Look at that! Video chat and joint visual attention development among babies and toddlers},
	volume = {89},
	year = {2018}}

@article{wang2023being,
	annote = {*},
	author = {Wang, Michelle M and Roberts, Steven O},
	journal = {Journal of Experimental Child Psychology},
	pages = {105624},
	publisher = {Elsevier},
	title = {Being from a highly resourced context predicts believing that others are highly resourced: An early developing worldview that stymies resource sharing},
	volume = {230},
	year = {2023}}

@article{mcelwain2022zoom,
	annote = {*},
	author = {McElwain, Nancy L and Hu, Yannan and Li, Xiaomei and Fisher, Meghan C and Baldwin, Jenny C and Bodway, Jordan M},
	journal = {Frontiers in Psychology},
	pages = {734492},
	publisher = {Frontiers},
	title = {Zoom, zoom, baby! Assessing mother-infant interaction during the still face paradigm and infant language development via a virtual visit procedure},
	volume = {12},
	year = {2022}}

@article{beckner2023investigation,
	annote = {*},
	author = {Beckner, Aaron G and Voss, Annika T and Phillips, Lindsey and King, Kathryn and Casasola, Marianella and Oakes, Lisa M},
	journal = {Infant Behavior and Development},
	pages = {101834},
	publisher = {Elsevier},
	title = {An investigation of mental rotation in infancy using change detection},
	volume = {71},
	year = {2023}}

@article{aboody2022preschoolers,
	annote = {*},
	author = {Aboody, Rosie and Huey, Holly and Jara-Ettinger, Julian},
	journal = {Cognition},
	pages = {105212},
	publisher = {Elsevier},
	title = {Preschoolers decide who is knowledgeable, who to inform, and who to trust via a causal understanding of how knowledge relates to action},
	volume = {228},
	year = {2022}}

@article{nguyenadapting,
	annote = {*},
	author = {Nguyen, Delphine and Fitzpatrick, Nadine and Floccia, Caroline},
	title = {Adapting language development paradigms to online testing},
	year = {2022}}

@article{steffan2023validation,
	annote = {*},
	author = {Steffan, Adrian and Zimmer, Lucie and Arias-Trejo, Natalia and Bohn, Manuel and Ben, Rodrigo Dal and Flores-Coronado, Marco A and Franchin, Laura and Garbisch, Isa and Grosse Wiesmann, Charlotte and Hamlin, J Kiley and others},
	title = {Validation of an open source, remote web-based eye-tracking method (WebGazer) for research in early childhood},
	year = {2023}}

@article{yuen2022,
	annote = {*},
	author = {Yuen, Francis and Hamlin, Kiley},
	title = {Replication of Hamlin (2015)},
	year = {2022}}

@article{smith2022b,
	annote = {*},
	author = {Smith-Flores, Alexis S},
	title = {Replication of Skerry & Spelke (2014)},
	year = {2022}}

@article{bergmann2018,
	annote = {*},
	author = {Bergmann, Christina and Tsuji, Sho and Piccinini, Page E and Lewis, Molly L and Braginsky, Mika and Frank, Michael C and Cristia, Alejandrina},
	journal = {Child development},
	number = {6},
	pages = {1996--2009},
	publisher = {Wiley Online Library},
	title = {Promoting replicability in developmental research through meta-analyses: Insights from language acquisition research},
	volume = {89},
	year = {2018}}

@article{mani2022,
	annote = {*},
	author = {Mani, Niveditai},
	title = {Thematic Priming},
	year = {2022}}

@article{hamlin2015case,
	annote = {*},
	author = {Hamlin, JK},
	journal = {Frontiers in psychology},
	pages = {1563},
	publisher = {Frontiers Media SA},
	title = {The case for social evaluation in preverbal infants: gazing toward one's goal drives infants' preferences for Helpers over Hinderers in the hill paradigm},
	volume = {5},
	year = {2015}}

@article{margoni2018infants,
	annote = {*},
	author = {Margoni, Francesco and Baillargeon, Ren{\'e}e and Surian, Luca},
	journal = {Proceedings of the National Academy of Sciences},
	number = {38},
	pages = {E8835--E8843},
	publisher = {National Acad Sciences},
	title = {Infants distinguish between leaders and bullies},
	volume = {115},
	year = {2018}}

@article{gerard2022extragrammaticality,
	annote = {*},
	author = {Gerard, Juliana},
	journal = {Language Acquisition},
	number = {2},
	pages = {107--134},
	publisher = {Taylor \& Francis},
	title = {The extragrammaticality of the acquisition of adjunct control},
	volume = {29},
	year = {2022}}

@article{skerry2014preverbal,
	annote = {*},
	author = {Skerry, Amy E and Spelke, Elizabeth S},
	journal = {Cognition},
	number = {2},
	pages = {204--216},
	publisher = {Elsevier},
	title = {Preverbal infants identify emotional reactions that are incongruent with goal outcomes},
	volume = {130},
	year = {2014}}

@article{gasparini2022online,
	annote = {*},
	author = {Gasparini, Corinna and Caravale, Barbara and Focaroli, Valentina and Paoletti, Melania and Pecora, Giulia and Bellagamba, Francesca and Chiarotti, Flavia and Gastaldi, Serena and Addessi, Elsa},
	journal = {Children},
	number = {3},
	pages = {424},
	publisher = {MDPI},
	title = {Online Assessment of Motor, Cognitive, and Communicative Achievements in 4-Month-Old Infants},
	volume = {9},
	year = {2022}}

@article{bulgarelli2022talker,
	annote = {*},
	author = {Bulgarelli, Federica and Bergelson, Elika},
	journal = {Infancy},
	number = {2},
	pages = {341--368},
	publisher = {Wiley Online Library},
	title = {Talker variability shapes early word representations in English-learning 8-month-olds},
	volume = {27},
	year = {2022}}

@article{dejesus2021young,
	annote = {*},
	author = {DeJesus, Jasmine M and Venkatesh, Shruthi and Kinzler, Katherine D},
	journal = {Child Development},
	number = {5},
	pages = {e817--e831},
	publisher = {Wiley Online Library},
	title = {Young children's ability to make predictions about novel illnesses},
	volume = {92},
	year = {2021}}

@article{stahl2015observing,
	annote = {*},
	author = {Stahl, Aimee E and Feigenson, Lisa},
	journal = {Science},
	number = {6230},
	pages = {91--94},
	publisher = {American Association for the Advancement of Science},
	title = {Observing the unexpected enhances infants' learning and exploration},
	volume = {348},
	year = {2015}}

@article{smith2022online,
	annote = {*},
	author = {Smith-Flores, Alexis S and Perez, Jasmin and Zhang, Michelle H and Feigenson, Lisa},
	journal = {Infancy},
	number = {1},
	pages = {4--24},
	publisher = {Wiley Online Library},
	title = {Online measures of looking and learning in infancy},
	volume = {27},
	year = {2022}}

@inproceedings{yoon2019preschool,
	annote = {*},
	author = {Yoon, Erica J and Frank, Michael C},
	booktitle = {CogSci},
	pages = {3179--3185},
	title = {Preschool children's understanding of polite requests.},
	year = {2019}}

@article{silver2021measuring,
	annote = {*},
	author = {Silver, Alex M and Elliott, Leanne and Braham, Emily J and Bachman, Heather J and Votruba-Drzal, Elizabeth and Tamis-LeMonda, Catherine S and Cabrera, Natasha and Libertus, Melissa E},
	journal = {Frontiers in Psychology},
	pages = {3057},
	publisher = {Frontiers},
	title = {Measuring emerging number knowledge in toddlers},
	year = {2021}}

@article{morini2021webcams,
	annote = {*},
	author = {Morini, Giovanna and Blair, Mackensie},
	journal = {Frontiers in Psychology},
	pages = {3347},
	publisher = {Frontiers},
	title = {Webcams, songs, and vocabulary learning: a comparison of in-person and remote data collection as a way of moving forward with child-language research},
	year = {2021}}

@article{escudero2021four,
	annote = {*},
	author = {Escudero, Paola and Pino Escobar, Gloria and Casey, Charlotte G and Sommer, Kristyn},
	journal = {Frontiers in psychology},
	pages = {450},
	publisher = {Frontiers},
	title = {Four-year-old's online versus face-to-face word learning via eBooks},
	year = {2021}}

@article{kominsky2021organizing,
	author = {Kominsky, Jonathan F and Begus, Katarina and Bass, Ilona and Colantonio, Joseph and Leonard, Julia A and Mackey, Allyson P and Bonawitz, Elizabeth},
	journal = {Frontiers in Psychology},
	pages = {702710},
	publisher = {Frontiers Media SA},
	title = {Organizing the methodological toolbox: Lessons learned from implementing developmental methods online},
	volume = {12},
	year = {2021}}

@article{kominsky2021there,
	annote = {*},
	author = {Kominsky, Jonathan F and Shafto, Patrick and Bonawitz, Elizabeth},
	journal = {PloS one},
	number = {5},
	pages = {e0251081},
	publisher = {Public Library of Science San Francisco, CA USA},
	title = {``There's something inside'': Children's intuitions about animate agents},
	volume = {16},
	year = {2021}}

@article{aboody2022says,
	annote = {*},
	author = {Aboody, Rosie and Yousif, Sami R and Sheskin, Mark and Keil, Frank C},
	journal = {Journal of experimental psychology: general},
	publisher = {American Psychological Association},
	title = {Says who? Children consider informants' sources when deciding whom to believe.},
	year = {2022}}

@article{pasquini2007preschoolers,
	annote = {*},
	author = {Pasquini, Elisabeth S and Corriveau, Kathleen H and Koenig, Melissa and Harris, Paul L},
	journal = {Developmental psychology},
	number = {5},
	pages = {1216},
	publisher = {American Psychological Association},
	title = {Preschoolers monitor the relative accuracy of informants.},
	volume = {43},
	year = {2007}}

@article{teglas2007intuitions,
	annote = {*},
	author = {T{\'e}gl{\'a}s, Ern{\H{o}} and Girotto, Vittorio and Gonzalez, Michel and Bonatti, Luca L},
	journal = {Proceedings of the National Academy of Sciences},
	number = {48},
	pages = {19156--19159},
	publisher = {National Acad Sciences},
	title = {Intuitions of probabilities shape expectations about the future at 12 months and beyond},
	volume = {104},
	year = {2007}}

@article{nelson2021comparing,
	annote = {*},
	author = {Nelson, Paige M and Scheiber, Francesca and Laughlin, Haley M and Demir-Lira, {\"O}},
	journal = {Frontiers in psychology},
	pages = {5025},
	publisher = {Frontiers},
	title = {Comparing face-to-face and online data collection methods in preterm and full-term children: An exploratory study},
	year = {2021}}

@article{dillon2020infants,
	annote = {*},
	author = {Dillon, Moira R and Izard, V{\'e}ronique and Spelke, Elizabeth S},
	journal = {Infancy},
	number = {5},
	pages = {618--639},
	publisher = {Wiley Online Library},
	title = {Infants' sensitivity to shape changes in 2D visual forms},
	volume = {25},
	year = {2020}}

@article{bochynska2021bringing,
	annote = {*},
	author = {Bochynska, Agata and Dillon, Moira Rose},
	journal = {Frontiers in psychology},
	pages = {6002},
	publisher = {Frontiers},
	title = {Bringing home baby euclid: Testing infants' basic shape discrimination online},
	year = {2021}}

@article{hedges2019statistical,
	annote = {*},
	author = {Hedges, Larry V and Schauer, Jacob M},
	journal = {Psychological Methods},
	number = {5},
	pages = {557},
	publisher = {American Psychological Association},
	title = {Statistical analyses for studying replication: Meta-analytic perspectives},
	volume = {25},
	year = {2019}}

@article{banki2022comparing,
	annote = {*},
	author = {B{\'a}nki, Anna and de Eccher, Martina and Falschlehner, Lilith and Hoehl, Stefanie and Markova, Gabriela},
	journal = {Frontiers in Psychology},
	pages = {6162},
	publisher = {Frontiers},
	title = {Comparing online webcam-and laboratory-based eye-tracking for the assessment of infants' audio-visual synchrony perception},
	year = {2022}}

@article{lapidow2021tale,
	annote = {*},
	author = {Lapidow, Elizabeth and Tandon, Tushita and Goddu, Mariel and Walker, Caren M},
	journal = {Frontiers in Psychology},
	pages = {731404},
	publisher = {Frontiers Media SA},
	title = {A tale of three platforms: Investigating preschoolers' second-order inferences using in-person, Zoom, and Lookit methodologies},
	volume = {12},
	year = {2021}}

@article{vales2021research,
	annote = {*},
	author = {Vales, Catarina and Wu, Christine and Torrance, Jennifer and Shannon, Heather and States, Sarah L and Fisher, Anna V},
	journal = {Frontiers in Psychology},
	pages = {697550},
	publisher = {Frontiers Media SA},
	title = {Research at a distance: Replicating semantic differentiation effects using remote data collection with children participants},
	volume = {12},
	year = {2021}}

@article{rosenthal1979file,
	author = {Rosenthal, Robert},
	date-added = {2022-10-17 12:55:06 -0700},
	date-modified = {2022-10-17 12:55:06 -0700},
	journal = {Psychological bulletin},
	number = {3},
	pages = {638},
	publisher = {American Psychological Association},
	title = {The file drawer problem and tolerance for null results.},
	volume = {86},
	year = {1979}}

@article{viechtbauer2010conducting,
	author = {Viechtbauer, Wolfgang},
	date-added = {2022-10-17 12:54:07 -0700},
	date-modified = {2022-10-17 12:54:07 -0700},
	journal = {Journal of statistical software},
	number = {3},
	pages = {1--48},
	publisher = {UCLA Statistics},
	title = {Conducting meta-analyses in R with the metafor package},
	volume = {36},
	year = {2010}}

@article{scott2017lookitB,
	annote = {*},
	author = {Scott, Kimberly and Chu, Junyi and Schulz, Laura},
	date-added = {2022-10-17 12:52:54 -0700},
	date-modified = {2022-10-17 12:53:06 -0700},
	journal = {Open mind},
	number = {1},
	pages = {15--29},
	publisher = {MIT Press One Rogers Street, Cambridge, MA 02142-1209, USA journals-info~{\ldots}},
	title = {Lookit (Part 2): Assessing the viability of online developmental research, results from three case studies},
	volume = {1},
	year = {2017}}

@article{moher2015preferred,
	author = {Moher, David and Shamseer, Larissa and Clarke, Mike and Ghersi, Davina and Liberati, Alessandro and Petticrew, Mark and Shekelle, Paul and Stewart, Lesley A},
	date-added = {2022-10-17 12:51:57 -0700},
	date-modified = {2022-10-17 12:51:57 -0700},
	journal = {Systematic reviews},
	number = {1},
	pages = {1--9},
	publisher = {BioMed Central},
	title = {Preferred reporting items for systematic review and meta-analysis protocols (PRISMA-P) 2015 statement},
	volume = {4},
	year = {2015}}

@article{chuey2020children,
	author = {Chuey, Aaron and Lockhart, Kristi and Sheskin, Mark and Keil, Frank},
	date-added = {2022-10-15 09:24:13 -0700},
	date-modified = {2022-10-15 09:24:13 -0700},
	journal = {Cognition},
	pages = {104231},
	publisher = {Elsevier},
	title = {Children and adults selectively generalize mechanistic knowledge},
	volume = {199},
	year = {2020}}

@article{schidelko2021online,
	annote = {*},
	author = {Schidelko, Lydia Paulin and Sch{\"u}nemann, Britta and Rakoczy, Hannes and Proft, Marina},
	date-added = {2022-10-15 09:23:46 -0700},
	date-modified = {2022-10-15 09:23:46 -0700},
	journal = {Frontiers in psychology},
	pages = {4573},
	publisher = {Frontiers},
	title = {Online testing yields the same results as lab testing: A validation study with the false belief task},
	year = {2021}}

@article{lo2021tablet,
	annote = {*},
	author = {Lo, Chang Huan and Rosslund, Audun and Chai, Jun Ho and Mayor, Julien and Kartushina, Natalia},
	date-added = {2022-10-15 09:21:18 -0700},
	date-modified = {2022-10-15 09:21:18 -0700},
	journal = {Infancy},
	number = {4},
	pages = {596--616},
	publisher = {Wiley Online Library},
	title = {Tablet assessment of word comprehension reveals coarse word representations in 18--20-month-old toddlers},
	volume = {26},
	year = {2021}}

@article{erel2022icatcher,
	author = {Erel, Yotam and Potter, Christine E and Jaffe-Dax, Sagi and Lew-Williams, Casey and Bermano, Amit H},
	date-added = {2022-10-15 09:20:10 -0700},
	date-modified = {2022-10-15 09:20:10 -0700},
	journal = {Infancy},
	number = {4},
	pages = {765--779},
	publisher = {Wiley Online Library},
	title = {iCatcher: A neural network approach for automated coding of young children's eye movements},
	volume = {27},
	year = {2022}}

@article{lourenco2020no,
	author = {Lourenco, Stella F and Tasimi, Arber},
	date-added = {2022-10-15 09:19:33 -0700},
	date-modified = {2022-10-15 09:19:33 -0700},
	journal = {Trends in Cognitive Sciences},
	number = {8},
	pages = {583--584},
	publisher = {Elsevier},
	title = {No participant left behind: conducting science during COVID-19},
	volume = {24},
	year = {2020}}

@article{buhrmester2016amazon,
	author = {Buhrmester, Michael and Kwang, Tracy and Gosling, Samuel D},
	date-added = {2022-10-15 09:19:06 -0700},
	date-modified = {2022-10-15 09:19:06 -0700},
	publisher = {American Psychological Association},
	title = {Amazon's Mechanical Turk: A new source of inexpensive, yet high-quality data?},
	year = {2016}}

@article{sheskin2020online,
	author = {Sheskin, Mark and Scott, Kimberly and Mills, Candice M and Bergelson, Elika and Bonawitz, Elizabeth and Spelke, Elizabeth S and Fei-Fei, Li and Keil, Frank C and Gweon, Hyowon and Tenenbaum, Joshua B and others},
	date-added = {2022-10-15 09:18:33 -0700},
	date-modified = {2022-10-15 09:18:33 -0700},
	journal = {Trends in Cognitive Sciences},
	number = {9},
	pages = {675--678},
	publisher = {Elsevier},
	title = {Online developmental science to foster innovation, access, and impact},
	volume = {24},
	year = {2020}}

@article{chuey2021moderated,
	annote = {*},
	author = {Chuey, Aaron and Asaba, Mika and Bridgers, Sophie and Carrillo, Brandon and Dietz, Griffin and Garcia, Teresa and Leonard, Julia A and Liu, Shari and Merrick, Megan and Radwan, Samaher and others},
	date-added = {2022-10-15 09:18:06 -0700},
	date-modified = {2022-10-15 09:18:06 -0700},
	journal = {Frontiers in psychology},
	pages = {4968},
	publisher = {Frontiers},
	title = {Moderated online data-collection for developmental research: Methods and replications},
	year = {2021}}

@article{rhodes2020advancing,
	author = {Rhodes, Marjorie and Rizzo, Michael T and Foster-Hanson, Emily and Moty, Kelsey and Leshin, Rachel A and Wang, Michelle and Benitez, Josie and Ocampo, John Daryl},
	date-added = {2022-10-15 09:16:37 -0700},
	date-modified = {2022-10-15 09:16:37 -0700},
	journal = {Journal of Cognition and Development},
	number = {4},
	pages = {477--493},
	publisher = {Taylor \& Francis},
	title = {Advancing developmental science via unmoderated remote research with children},
	volume = {21},
	year = {2020}}

@article{sheskin2018thechildlab,
	author = {Sheskin, Mark and Keil, Frank},
	date-added = {2022-10-15 09:15:25 -0700},
	date-modified = {2022-10-15 09:15:25 -0700},
	publisher = {PsyArXiv},
	title = {TheChildLab. com a video chat platform for developmental research},
	year = {2018}}

@article{scott2017lookit,
	author = {Scott, Kimberly and Schulz, Laura},
	date-added = {2022-10-15 09:15:00 -0700},
	date-modified = {2022-10-15 09:15:00 -0700},
	journal = {Open Mind},
	number = {1},
	pages = {4--14},
	publisher = {MIT Press One Rogers Street, Cambridge, MA 02142-1209, USA journals-info~{\ldots}},
	title = {Lookit (part 1): A new online platform for developmental research},
	volume = {1},
	year = {2017}}

@article{page2021prisma,
	author = {Page, Matthew J and McKenzie, Joanne E and Bossuyt, Patrick M and Boutron, Isabelle and Hoffmann, Tammy C and Mulrow, Cynthia D and Shamseer, Larissa and Tetzlaff, Jennifer M and Akl, Elie A and Brennan, Sue E and others},
	journal = {International journal of surgery},
	pages = {105906},
	publisher = {Elsevier},
	title = {The PRISMA 2020 statement: an updated guideline for reporting systematic reviews},
	volume = {88},
	year = {2021}}

@article{fenson1994variability,
	author = {Fenson, Larry and Dale, Philip S and Reznick, J Steven and Bates, Elizabeth and Thal, Donna J and Pethick, Stephen J and Tomasello, Michael and Mervis, Carolyn B and Stiles, Joan},
	date-added = {2022-10-15 09:14:08 -0700},
	date-modified = {2022-10-15 09:14:08 -0700},
	journal = {Monographs of the society for research in child development},
	pages = {i--185},
	publisher = {JSTOR},
	title = {Variability in early communicative development},
	year = {1994}}

@article{kidd2022diverse,
	author = {Kidd, Evan and Garcia, Rowena},
	date-added = {2022-10-15 09:09:22 -0700},
	date-modified = {2022-10-15 09:09:22 -0700},
	journal = {First Language},
	pages = {01427237211066405},
	publisher = {SAGE Publications Sage UK: London, England},
	title = {How diverse is child language acquisition research?},
	year = {2022}}

@article{nielsen2017persistent,
	author = {Nielsen, Mark and Haun, Daniel and K{\"a}rtner, Joscha and Legare, Cristine H},
	date-added = {2022-10-15 09:08:59 -0700},
	date-modified = {2022-10-15 09:08:59 -0700},
	journal = {Journal of Experimental Child Psychology},
	pages = {31--38},
	publisher = {Elsevier},
	title = {The persistent sampling bias in developmental psychology: A call to action},
	volume = {162},
	year = {2017}}

@manual{R-base,
	address = {Vienna, Austria},
	author = {{R Core Team}},
	organization = {R Foundation for Statistical Computing},
	title = {R: A Language and Environment for Statistical Computing},
	url = {https://www.R-project.org/},
	year = {2021},
	bdsk-url-1 = {https://www.R-project.org/}}

@manual{R-dplyr,
	author = {Hadley Wickham and Romain Fran{\c c}ois and Lionel Henry and Kirill M{\"u}ller},
	note = {R package version 1.0.10},
	title = {dplyr: A Grammar of Data Manipulation},
	url = {https://CRAN.R-project.org/package=dplyr},
	year = {2022},
	bdsk-url-1 = {https://CRAN.R-project.org/package=dplyr}}

@manual{R-forcats,
	author = {Hadley Wickham},
	note = {R package version 0.5.1},
	title = {forcats: Tools for Working with Categorical Variables (Factors)},
	url = {https://CRAN.R-project.org/package=forcats},
	year = {2021},
	bdsk-url-1 = {https://CRAN.R-project.org/package=forcats}}

@book{R-ggplot2,
	author = {Hadley Wickham},
	isbn = {978-3-319-24277-4},
	publisher = {Springer-Verlag New York},
	title = {ggplot2: Elegant Graphics for Data Analysis},
	url = {https://ggplot2.tidyverse.org},
	year = {2016},
	bdsk-url-1 = {https://ggplot2.tidyverse.org}}

@manual{R-here,
	author = {Kirill M{\"u}ller},
	note = {R package version 1.0.1},
	title = {here: A Simpler Way to Find Your Files},
	url = {https://CRAN.R-project.org/package=here},
	year = {2020},
	bdsk-url-1 = {https://CRAN.R-project.org/package=here}}

@manual{R-papaja,
	author = {Frederik Aust and Marius Barth},
	note = {R package version 0.1.0.9999},
	title = {{papaja}: {Prepare} reproducible {APA} journal articles with {R Markdown}},
	url = {https://github.com/crsh/papaja},
	year = {2020},
	bdsk-url-1 = {https://github.com/crsh/papaja}}

@manual{R-purrr,
	author = {Lionel Henry and Hadley Wickham},
	note = {R package version 0.3.4},
	title = {purrr: Functional Programming Tools},
	url = {https://CRAN.R-project.org/package=purrr},
	year = {2020},
	bdsk-url-1 = {https://CRAN.R-project.org/package=purrr}}

@manual{R-readr,
	author = {Hadley Wickham and Jim Hester and Jennifer Bryan},
	note = {R package version 2.1.2},
	title = {readr: Read Rectangular Text Data},
	url = {https://CRAN.R-project.org/package=readr},
	year = {2022},
	bdsk-url-1 = {https://CRAN.R-project.org/package=readr}}

@manual{R-stringr,
	author = {Hadley Wickham},
	note = {R package version 1.4.1},
	title = {stringr: Simple, Consistent Wrappers for Common String Operations},
	url = {https://CRAN.R-project.org/package=stringr},
	year = {2022},
	bdsk-url-1 = {https://CRAN.R-project.org/package=stringr}}

@manual{R-tibble,
	author = {Kirill M{\"u}ller and Hadley Wickham},
	note = {R package version 3.1.8},
	title = {tibble: Simple Data Frames},
	url = {https://CRAN.R-project.org/package=tibble},
	year = {2022},
	bdsk-url-1 = {https://CRAN.R-project.org/package=tibble}}

@manual{R-tidyr,
	author = {Hadley Wickham and Maximilian Girlich},
	note = {R package version 1.2.0},
	title = {tidyr: Tidy Messy Data},
	url = {https://CRAN.R-project.org/package=tidyr},
	year = {2022},
	bdsk-url-1 = {https://CRAN.R-project.org/package=tidyr}}

@article{R-tidyverse,
	author = {Hadley Wickham and Mara Averick and Jennifer Bryan and Winston Chang and Lucy D'Agostino McGowan and Romain Fran{\c c}ois and Garrett Grolemund and Alex Hayes and Lionel Henry and Jim Hester and Max Kuhn and Thomas Lin Pedersen and Evan Miller and Stephan Milton Bache and Kirill M{\"u}ller and Jeroen Ooms and David Robinson and Dana Paige Seidel and Vitalie Spinu and Kohske Takahashi and Davis Vaughan and Claus Wilke and Kara Woo and Hiroaki Yutani},
	doi = {10.21105/joss.01686},
	journal = {Journal of Open Source Software},
	number = {43},
	pages = {1686},
	title = {Welcome to the {tidyverse}},
	volume = {4},
	year = {2019},
	bdsk-url-1 = {https://doi.org/10.21105/joss.01686}}

@manual{R-tinylabels,
	author = {Marius Barth},
	note = {R package version 0.2.3},
	title = {{tinylabels}: Lightweight Variable Labels},
	url = {https://cran.r-project.org/package=tinylabels},
	year = {2022},
	bdsk-url-1 = {https://cran.r-project.org/package=tinylabels}}

@manual{R-assertthat,
	author = {Hadley Wickham},
	note = {R package version 0.2.1},
	title = {assertthat: Easy Pre and Post Assertions},
	url = {https://CRAN.R-project.org/package=assertthat},
	year = {2019},
	bdsk-url-1 = {https://CRAN.R-project.org/package=assertthat}}

@manual{R-glue,
	author = {Jim Hester and Jennifer Bryan},
	note = {R package version 1.6.2},
	title = {glue: Interpreted String Literals},
	url = {https://CRAN.R-project.org/package=glue},
	year = {2022},
	bdsk-url-1 = {https://CRAN.R-project.org/package=glue}}

@manual{R-googledrive,
	author = {Lucy {D'Agostino McGowan} and Jennifer Bryan},
	note = {R package version 2.0.0},
	title = {googledrive: An Interface to Google Drive},
	url = {https://CRAN.R-project.org/package=googledrive},
	year = {2021},
	bdsk-url-1 = {https://CRAN.R-project.org/package=googledrive}}

@manual{R-gridExtra,
	author = {Baptiste Auguie},
	note = {R package version 2.3},
	title = {gridExtra: Miscellaneous Functions for "Grid" Graphics},
	url = {https://CRAN.R-project.org/package=gridExtra},
	year = {2017},
	bdsk-url-1 = {https://CRAN.R-project.org/package=gridExtra}}

@manual{R-Matrix,
	author = {Douglas Bates and Martin Maechler and Mikael Jagan},
	note = {R package version 1.5-1},
	title = {Matrix: Sparse and Dense Matrix Classes and Methods},
	url = {https://CRAN.R-project.org/package=Matrix},
	year = {2022},
	bdsk-url-1 = {https://CRAN.R-project.org/package=Matrix}}

@manual{R-metadat,
	author = {Thomas White and Daniel Noble and Alistair Senior and W. Kyle Hamilton and Wolfgang Viechtbauer},
	note = {R package version 1.2-0},
	title = {metadat: Meta-Analysis Datasets},
	url = {https://CRAN.R-project.org/package=metadat},
	year = {2022},
	bdsk-url-1 = {https://CRAN.R-project.org/package=metadat}}

@article{R-metafor,
	author = {Wolfgang Viechtbauer},
	journal = {Journal of Statistical Software},
	number = {3},
	pages = {1--48},
	title = {Conducting meta-analyses in {R} with the {metafor} package},
	url = {https://doi.org/10.18637/jss.v036.i03},
	volume = {36},
	year = {2010},
	bdsk-url-1 = {https://doi.org/10.18637/jss.v036.i03}}

@manual{R-readxl,
	author = {Hadley Wickham and Jennifer Bryan},
	note = {R package version 1.4.1},
	title = {readxl: Read Excel Files},
	url = {https://CRAN.R-project.org/package=readxl},
	year = {2022},
	bdsk-url-1 = {https://CRAN.R-project.org/package=readxl}}

@manual{R-wesanderson,
	author = {Karthik Ram and Hadley Wickham},
	note = {R package version 0.3.6},
	title = {wesanderson: A Wes Anderson Palette Generator},
	url = {https://CRAN.R-project.org/package=wesanderson},
	year = {2018},
	bdsk-url-1 = {https://CRAN.R-project.org/package=wesanderson}}

@manual{R-kableExtra,
	author = {Hao Zhu},
	note = {R package version 1.3.4},
	title = {kableExtra: Construct Complex Table with 'kable' and Pipe Syntax},
	url = {https://CRAN.R-project.org/package=kableExtra},
	year = {2021},
	bdsk-url-1 = {https://CRAN.R-project.org/package=kableExtra}}

@manual{R-cowplot,
	author = {Claus O. Wilke},
	note = {R package version 1.1.1},
	title = {cowplot: Streamlined Plot Theme and Plot Annotations for 'ggplot2'},
	url = {https://CRAN.R-project.org/package=cowplot},
	year = {2020},
	bdsk-url-1 = {https://CRAN.R-project.org/package=cowplot}}

@manual{R-egg,
	author = {Baptiste Auguie},
	note = {R package version 0.4.5},
	title = {egg: Extensions for 'ggplot2': Custom Geom, Custom Themes, Plot Alignment, Labelled Panels, Symmetric Scales, and Fixed Panel Size},
	url = {https://CRAN.R-project.org/package=egg},
	year = {2019},
	bdsk-url-1 = {https://CRAN.R-project.org/package=egg}}

@book{R-knitr,
	address = {Boca Raton, Florida},
	author = {Yihui Xie},
	edition = {2nd},
	note = {ISBN 978-1498716963},
	publisher = {Chapman and Hall/CRC},
	title = {Dynamic Documents with {R} and knitr},
	url = {https://yihui.org/knitr/},
	year = {2015},
	bdsk-url-1 = {https://yihui.org/knitr/}}

@manual{R-langcog,
	author = {Mika Braginsky and Dan Yurovsky and Michael Frank},
	note = {R package version 0.1.9001},
	title = {langcog: Language and Cognition Lab Things},
	url = {http://github.com/langcog/langcog},
	year = {2023},
	bdsk-url-1 = {http://github.com/langcog/langcog}}

@article{R-lubridate,
	author = {Garrett Grolemund and Hadley Wickham},
	journal = {Journal of Statistical Software},
	number = {3},
	pages = {1--25},
	title = {Dates and Times Made Easy with {lubridate}},
	url = {https://www.jstatsoft.org/v40/i03/},
	volume = {40},
	year = {2011},
	bdsk-url-1 = {https://www.jstatsoft.org/v40/i03/}}

@article{R-plotrix,
	author = {Lemon J},
	journal = {R-News},
	number = {4},
	pages = {8-12},
	title = {Plotrix: a package in the red light district of R},
	volume = {6},
	year = {2006}}

@manual{R-numDeriv,
	author = {Paul Gilbert and Ravi Varadhan},
	note = {R package version 2016.8-1.1},
	title = {numDeriv: Accurate Numerical Derivatives},
	url = {https://CRAN.R-project.org/package=numDeriv},
	year = {2019},
	bdsk-url-1 = {https://CRAN.R-project.org/package=numDeriv}}

@manual{R-googlesheets4,
	author = {Jennifer Bryan},
	note = {R package version 1.1.1},
	title = {googlesheets4: Access Google Sheets using the Sheets API V4},
	url = {https://CRAN.R-project.org/package=googlesheets4},
	year = {2023},
	bdsk-url-1 = {https://CRAN.R-project.org/package=googlesheets4}}

@manual{R-patchwork,
	author = {Thomas Lin Pedersen},
	note = {R package version 1.1.3},
	title = {patchwork: The Composer of Plots},
	url = {https://CRAN.R-project.org/package=patchwork},
	year = {2023},
	bdsk-url-1 = {https://CRAN.R-project.org/package=patchwork}}

@incollection{zaadnoordijk2022online,
	author = {Zaadnoordijk, Lorijn and Cusack, Rhodri},
	booktitle = {Advances in Child Development and Behavior},
	pages = {93--125},
	publisher = {Elsevier},
	title = {Online testing in developmental science: A guide to design and implementation},
	volume = {62},
	year = {2022}}
